@article{rader2006rise,
        title={dsp History - The Rise and Fall of Recursive Digital Filters},
        author={Charles M. Rader},
        journal={IEEE Signal Processing Magazine},
        volume={23},
        number={6},
        pages={46--49},
        year={2006},
        publisher={IEEE}
}

@article{rader1967digital,
        title={Digital filter design techniques in the frequency domain},
        author={Charles M. Rader and Bernard Gold},
        journal={Proceedings of the IEEE},
        volume={55},
        number={2},
        pages={149--171},
        year={1967},
        publisher={IEEE}
}

@inproceedings{liski2017quest,
        title={The quest for the best graphic equalizer},
        author={Juho Liski and Vesa V채lim채ki},
        booktitle={Proceedings of the 20th International Conference on Digital Audio Effects (DAFx-17)},
        volume={DAFx-17},
        number={20},
        pages={95--102},
        year={2017},
        month={September},
        publisher={University of Edinburgh}
}

@inproceedings{massenburg1972parametric,
        title={Parametric equalization},
        author={George Massenburg},
        booktitle={42nd Audio engineering society convention},
        number={K-2},
        year={1972},
        month={May},
        publisher={Audio engineering society}
}

@article{reiss2016all,
        title={All About Audio Equalization: Solutions and Frontiers},
        author={Vesa V채lim채ki and Joshua D. Reiss},
        journal={Applied Sciences},
        volume={6},
        number={5},
        year={2016},
        publisher={MDPI},
        note = {Article 129, 12 pages}
}

@article{martignon2023dynamic,
        title={Dynamic Equalizers Application to Loudspeaker Systems},
        author={Paolo Martignon and Mario Di Cola and Alberto Bianco and Ben Cabot;},
        journal={Journal of the audio engineering society},
        volume={155},
        number={149},
        year={2023},
        publisher={Audio Engineering Society}
}

@article{reiss2010design,
        title={Design of Audio Parametric Equalizer Filters Directly in the Digital Domain},
        author={Joshua D. Reiss},
        journal={IEEE Transactions on Audio, Speech, and Language Processing},
        volume={19},
        number={6},
        pages={1843--1848},
        year={2010},
        publisher={IEEE}
}

@inproceedings{shpak1991analytical,
        title={The analytical design of biquadratic parametric filters},
        author={Dale J. Shpak},
        booktitle={IEEE Pacific Rim Conference on Communications, Computers and Signal Processing Conference Proceedings},
        pages= {649-652 vol.2},
        year={1991},
        month={May},
        publisher={IEEE}
}

@article{christensen2003generalization,
        title={A Generalization of the Biquadratic Parametric Equalizer},
        author={Knud Bank Christensen},
        journal={Journal of the audio engineering society},
        volume={115},
        number={5916},
        year={2003},
        publisher={Audio Engineering Society}
}

@book{pedersini2020elementi,
  title = {Elementi di segnali e sistemi: Lezioni di Elaborazione dei Segnali},
  author = {Federico Pedersini},
  publisher = {Independently published},
  year = {2020},
  edition = {First},
}

@BOOK{lazar2017methods,
  title = {Research methods in {Human-Computer Interaction}},
  author = {Jonathan Lazar and Jijuan Heidi Feng and Harry Hochheiser},
  publisher = {Morgan Kaufmann},
  year = {2017},
  edition = {Second},
  address = {Cambridge}
}

@book{strunk1999style,
    author={William Strunk},
    title={Elements of Style},
    publisher={Penguin},
    year={2007}
}

@misc{lim2019web,
    title = {{LIM} official website},
    howpublished = {\url{https://www.lim.di.unimi.it}},
    note = {Accessed: 2019-04-10}
}

@misc{hamalainen2019web,
    author = {W. H\"am\"al\"ainen},
    title = {Scientific Writing for Computer Science Students},
    howpublished = {\url{http://www.cs.joensuu.fi/\~whamalai/teaching.html}},
    note = {Accessed: 2019-04-10}
}


